@INPROCEEDINGS{hulth:2003,
  author = {Hulth, Anette},
  title = {Improved automatic keyword extraction given more linguistic knowledge},
  booktitle = {Proceedings of EMNLP'03},
  pages = {10--20},
  year = {2003},
  publisher = {ACL}
}

@INBOOK{rose:2010,
  chapter = {Automatic Keyword Extraction from Individual Documents},
  pages = {1-20},
  title = {Text Mining},
  publisher = {John Wiley \& Sons, Ltd},
  year = {2010},
  author = {Stuart, Rose and Dave, Engel and Nick, Cramer and Wendy, Cowley}
}

@article{maier2017challenge,
  title={The challenge of mapping the human connectome based on diffusion tractography},
  author={Maier-Hein, Klaus H and Neher, Peter F and Houde, Jean-Christophe and C{\^o}t{\'e}, Marc-Alexandre and Garyfallidis, Eleftherios and Zhong, Jidan and Chamberland, Maxime and Yeh, Fang-Cheng and Lin, Ying-Chia and Ji, Qing and others},
  journal={Nature communications},
  volume={8},
  number={1},
  pages={1349},
  year={2017},
  publisher={Nature Publishing Group UK London}
}

@article{jones1999optimal,
  title={Optimal strategies for measuring diffusion in anisotropic systems by magnetic resonance imaging},
  author={Jones, Derek K and Horsfield, Mark A and Simmons, Andrew},
  journal={Magnetic Resonance in Medicine: An Official Journal of the International Society for Magnetic Resonance in Medicine},
  volume={42},
  number={3},
  pages={515--525},
  year={1999},
  publisher={Wiley Online Library}
}

@book{nikiforov1988special,
  title={Special functions of mathematical physics},
  author={Nikiforov, Arnold F and Uvarov, Vasili, Borisovich},
  volume={205},
  year={1988},
  publisher={Springer}
}

@article{funk1915geometrische,
  title={Uber eine geometrische anwendung der abelschen integralgleichung},
  author={Funk, Paul},
  journal={Mathematische Annalen},
  volume={77},
  number={1},
  pages={129--135},
  year={1915},
  publisher={Springer}
}

@article{descoteaux2007regularized,
  title={Regularized, fast, and robust analytical Q-ball imaging},
  author={Descoteaux, Maxime and Angelino, Elaine and Fitzgibbons, Shaun and Deriche, Rachid},
  journal={Magnetic Resonance in Medicine: An Official Journal of the International Society for Magnetic Resonance in Medicine},
  volume={58},
  number={3},
  pages={497--510},
  year={2007},
  publisher={Wiley Online Library}
}

@article{hess2006q,
  title={Q-ball reconstruction of multimodal fiber orientations using the spherical harmonic basis},
  author={Hess, Christopher P and Mukherjee, Pratik and Han, Eric T and Xu, Duan and Vigneron, Daniel B},
  journal={Magnetic Resonance in Medicine: An Official Journal of the International Society for Magnetic Resonance in Medicine},
  volume={56},
  number={1},
  pages={104--117},
  year={2006},
  publisher={Wiley Online Library}
}

@article{anderson2005measurement,
  title={Measurement of fiber orientation distributions using high angular resolution diffusion imaging},
  author={Anderson, Adam W},
  journal={Magnetic Resonance in Medicine: An Official Journal of the International Society for Magnetic Resonance in Medicine},
  volume={54},
  number={5},
  pages={1194--1206},
  year={2005},
  publisher={Wiley Online Library}
}

@phdthesis{descoteaux2008high,
  title={High angular resolution diffusion MRI: from local estimation to segmentation and tractography},
  author={Descoteaux, Maxime},
  year={2008},
  school={Universit{\'e} Nice Sophia Antipolis}
}

@article{tournier2004direct,
  title={Direct estimation of the fiber orientation density function from diffusion-weighted MRI data using spherical deconvolution},
  author={Tournier, J-Donald and Calamante, Fernando and Gadian, David G and Connelly, Alan},
  journal={Neuroimage},
  volume={23},
  number={3},
  pages={1176--1185},
  year={2004},
  publisher={Elsevier}
}
